@Article{Kroker14.September.2020,
  author  = {Michael Kroker},
  journal = {wiwo},
  title   = {Die {Evolution} von {Social} {Media}: {Von} der ersten {E-Mail} 1971 bis 4 {Milliarden} {Nutzer} 2020},
  year    = {14.September.2020},
  url     = {https://blog.wiwo.de/look-at-it/2020/09/14/die-evolution-von-social-media-von-der-ersten-e-mail-1971-bis-4-milliarden-nutzer-2020/},
}

@Article{Diedrich23.06.2021,
  author  = {Sören Diedrich},
  journal = {GameStar},
  title   = {Gamestop verdient über eine {Milliarde} {Dollar} dank {Reddit}-{Hype} um eigene {Aktie}},
  year    = {23.06.2021},
  url     = {https://www.gamestar.de/artikel/gamestop-reddit-hype-um-eigene-aktie,3371062.html},
}

@Article{Bendel,
  author  = {Oliver Bendel},
  journal = {Gabler Wirtschaftslexikon},
  title   = {Soziale {Medien}},
  url     = {https://wirtschaftslexikon.gabler.de/definition/soziale-medien-52673},
}

@Article{IT-Nutzung,
  journal = {Statistisches Bundesamt},
  title   = {Einkommen, {Konsum} und {Lebensbedingungen} | {IT}-{Nutzung}},
  year    = {6.Juli.2021},
  url     = {https://www.destatis.de/DE/Themen/Gesellschaft-Umwelt/Einkommen-Konsum-Lebensbedingungen/IT-Nutzung/_inhalt.html},
}

@Article{Firsching10.November.2021,
  author  = {Jan Firsching},
  journal = {future biz},
  title   = {Social {Media} {Nutzung} in {Deutschland} 2021: {Instagram} und {Facebook} dominieren und {YouTube} bleibt führende {Videoplattform}},
  year    = {10.November.2021},
  url     = {https://www.futurebiz.de/artikel/social-media-nutzung-deutschland-2021/},
}

@Article{Meindl20.Febuar.2012,
  author  = {Claudia Meindl},
  journal = {AlphaNodes},
  title   = {Infografik {Soziale} {Netzwerke}. {Mit} welchen {Geräten} der {Zugriff} erfolgt},
  year    = {20.Febuar.2012},
}

@Article{empirisch,
  journal = {empirio},
  title   = {So wertest du {Ergebnisse} der quantitativen und qualitativen {Forschung} richtig aus},
  year    = {13.09.2021},
  url     = {https://www.empirio.de/empiriowissen/auswertungsmethoden-in-der-empirischen-forschung},
}

@Article{Pfeiffer27.Juni.2018,
  author  = {Franziska Pfeiffer},
  journal = {Scribbr},
  title   = {Fragebogen auswerten mit der {Häufigkeitsverteilung} in {Excel} – {Vorlage} und {Tipps}},
  year    = {27.Juni.2018},
  url     = {https://www.scribbr.de/methodik/auswertung-bachelorarbeit/},
}

@Article{Auswertung,
  journal = {Universität Leipzig},
  title   = {Statistische {Auswertung}},
  url     = {https://home.uni-leipzig.de/methodenportal/statistische_auswertung/},
}

@Article{aussagekraft,
  journal = {Surveymonkey},
  title   = {Ab wann ist eine {Umfrage} aussagekräftig?},
  url     = {https://www.surveymonkey.de/mp/sample-size/},
}




@Article{Jechorek22.Maerz2021,
  author  = {Janina Jechorek},
  journal = {hubspot},
  title   = {Neue {Daten}: {Statistiken} zur {Social}-{Media}-{Nutzung} in {Deutschland}},
  year    = {22. März 2021},
  url     = {https://blog.hubspot.de/marketing/social-media-in-deutschland},
}

@Article{NatalieBeisch2020,
  author  = {Natalie Beisch, Carmen Schäfer},
  journal = {ARD / ZDF},
  title   = {Internetnutzung mit großer {Dynamik}: {Medien}, {Kommunikation}, {Social} {Media}},
  year    = {2020},
  url     = {https://www.ard-zdf-onlinestudie.de/files/2020/0920_Beisch_Schaefer.pdf},
}

@Article{Genau28.November.2019,
  author  = {Lea Genau},
  journal = {Scribbr},
  title   = {Eine {Facharbeit} schreiben in 6 {Schritten}},
  year    = {28.November.2019},
  url     = {https://www.scribbr.de/facharbeit/facharbeit-schreiben/},
}


@Article{Konzeption,
  journal = {Universität Leipzig},
  title   = {Konzeption und {Umsetzung}},
  url     = {https://home.uni-leipzig.de/methodenportal/konzeption-und-umsetzung/},
}

@Article{11.August.2020,
  journal = {Statistisches Bundesamt},
  title   = {Durchschnittliche {Nutzung} des {Internets} durch {Personen} nach {Altersgruppen}},
  year    = {11.August.2020},
  url     = {https://www.destatis.de/DE/Themen/Gesellschaft-Umwelt/Einkommen-Konsum-Lebensbedingungen/IT-Nutzung/Tabellen/durchschnittl-nutzung-alter-ikt.html},
}

@Article{Pfeiffer06.Dezember.2021,
  author  = {Franziska Pfeiffer},
  journal = {Scribbr},
  title   = {Qualitative {Inhaltsanalyse} nach {Mayring} in 5 {Schritten}},
  year    = {06.Dezember.2021},
  url     = {https://www.scribbr.de/methodik/qualitative-inhaltsanalyse/},
}

@Comment{jabref-meta: databaseType:bibtex;}